<record><leader>00000cas a2200000 a 4500</leader><controlfield tag="001">12712895</controlfield><controlfield tag="008">851024c19859999txuwr ne      0   a0eng c</controlfield><datafield ind1=" " ind2=" " tag="010"><subfield code="a">sn 86091283 </subfield></datafield><datafield ind1=" " ind2=" " tag="040"><subfield code="a">GZS</subfield><subfield code="b">eng</subfield><subfield code="c">GZS</subfield><subfield code="d">UNP</subfield><subfield code="d">DLC</subfield><subfield code="d">PPM</subfield><subfield code="d">CNK</subfield><subfield code="d">NVF</subfield><subfield code="d">OCLCQ</subfield><subfield code="d">OCLCF</subfield><subfield code="d">OCLCO</subfield></datafield><datafield ind1=" " ind2=" " tag="042"><subfield code="a">pcc</subfield></datafield><datafield ind1=" " ind2=" " tag="043"><subfield code="a">n-us-tx</subfield></datafield><datafield ind1=" " ind2="4" tag="050"><subfield code="a">E184.O6</subfield><subfield code="b">A7x</subfield></datafield><datafield ind1="0" ind2="0" tag="245"><subfield code="a">USAsiaNews :</subfield><subfield code="b">voice of the Asians.</subfield></datafield><datafield ind1="3" ind2="1" tag="246"><subfield code="a">Ying-wen Mei-nan hsin wen</subfield></datafield><datafield ind1="1" ind2="7" tag="246"><subfield code="a">US Asian news</subfield></datafield><datafield ind1="3" ind2=" " tag="246"><subfield code="a">USAsia news</subfield></datafield><datafield ind1="3" ind2=" " tag="246"><subfield code="a">US Asia news</subfield></datafield><datafield ind1="3" ind2=" " tag="246"><subfield code="a">U S Asia news</subfield></datafield><datafield ind1=" " ind2=" " tag="260"><subfield code="a">Houston, Tex. :</subfield><subfield code="b">Southern Chinese Daily News</subfield></datafield><datafield ind1=" " ind2=" " tag="300"><subfield code="a">v.</subfield></datafield><datafield ind1=" " ind2=" " tag="310"><subfield code="a">Weekly</subfield></datafield><datafield ind1="0" ind2=" " tag="362"><subfield code="a">Vol. 1, no. 1 (May 10, 1985)-</subfield></datafield><datafield ind1=" " ind2=" " tag="500"><subfield code="a">"The first English language weekly published in the Southwest by Chinese Americans."</subfield></datafield><datafield ind1=" " ind2=" " tag="515"><subfield code="a">Numbering is irregular.</subfield></datafield><datafield ind1=" " ind2="0" tag="650"><subfield code="a">Asian Americans</subfield><subfield code="z">Texas</subfield><subfield code="v">Newspapers.</subfield></datafield><datafield ind1=" " ind2="0" tag="651"><subfield code="a">Houston (Tex.)</subfield><subfield code="v">Newspapers.</subfield></datafield><datafield ind1=" " ind2="7" tag="655"><subfield code="a">Newspapers.</subfield><subfield code="2">fast</subfield><subfield code="0">(OCoLC)fst01423814</subfield></datafield><datafield ind1=" " ind2="7" tag="650"><subfield code="a">Asian Americans.</subfield><subfield code="2">fast</subfield><subfield code="0">(OCoLC)fst00818620</subfield></datafield><datafield ind1=" " ind2="7" tag="651"><subfield code="a">Texas.</subfield><subfield code="2">fast</subfield><subfield code="0">(OCoLC)fst01210336</subfield></datafield><datafield ind1=" " ind2="7" tag="651"><subfield code="a">Texas</subfield><subfield code="z">Houston.</subfield><subfield code="2">fast</subfield><subfield code="0">(OCoLC)fst01205077</subfield></datafield><datafield ind1=" " ind2=" " tag="752"><subfield code="a">United States</subfield><subfield code="b">Texas</subfield><subfield code="c">Harris</subfield><subfield code="d">Houston.</subfield></datafield></record>